<marc:collection xmlns:marc="http://www.loc.gov/MARC21/slim" xmlns:xsi="http://www.w3.org/2001/XMLSchema-instance" xsi:schemaLocation="http://www.loc.gov/MARC21/slim http://www.loc.gov/standards/marcxml/schema/MARC21slim.xsd">
    <marc:record type="Bibliographic">
        <marc:leader>02871ceb a22005177ab4500</marc:leader>
        <marc:controlfield tag="001">7120592</marc:controlfield>
        <marc:controlfield tag="005">20140114161202.0</marc:controlfield>
        <marc:controlfield tag="006">ed     eg     0   </marc:controlfield>
        <marc:controlfield tag="007">aj canzn</marc:controlfield>
        <marc:controlfield tag="008">120716s1868    enkd     eg     0   eng d</marc:controlfield>
        <marc:datafield tag="034" ind1="1" ind2=" ">
            <marc:subfield code="a">a</marc:subfield>
            <marc:subfield code="b">605000</marc:subfield>
            <marc:subfield code="d">-078.175</marc:subfield>
            <marc:subfield code="e">-076.594444</marc:subfield>
            <marc:subfield code="f">08.833333</marc:subfield>
            <marc:subfield code="g">07.833333</marc:subfield>
        </marc:datafield>
        <marc:datafield tag="040" ind1=" " ind2=" ">
            <marc:subfield code="a">NjP</marc:subfield>
            <marc:subfield code="c">NjP</marc:subfield>
        </marc:datafield>
        <marc:datafield tag="041" ind1="0" ind2=" ">
            <marc:subfield code="a">eng</marc:subfield>
        </marc:datafield>
        <marc:datafield tag="043" ind1=" " ind2=" ">
            <marc:subfield code="a">ncpn---</marc:subfield>
            <marc:subfield code="a">nccz</marc:subfield>
            <marc:subfield code="a">s-ck---</marc:subfield>
        </marc:datafield>
        <marc:datafield tag="050" ind1=" " ind2=" ">
            <marc:subfield code="a">G4872.P2P53 1868</marc:subfield>
            <marc:subfield code="b">.R6</marc:subfield>
        </marc:datafield>
        <marc:datafield tag="052" ind1=" " ind2=" ">
            <marc:subfield code="a">4872</marc:subfield>
            <marc:subfield code="b">P2</marc:subfield>
        </marc:datafield>
        <marc:datafield tag="052" ind1=" " ind2=" ">
            <marc:subfield code="a">5292</marc:subfield>
            <marc:subfield code="b">D3</marc:subfield>
        </marc:datafield>
        <marc:datafield tag="245" ind1="0" ind2="0">
            <marc:subfield code="a">Map of a part of the Isthmus of Darien</marc:subfield>
            <marc:subfield code="h">[cartographic material] :</marc:subfield>
            <marc:subfield code="b">to accompany the paper by M. Lucien de Puydt /</marc:subfield>
            <marc:subfield code="c">[engraved by] Edwd. Weller.</marc:subfield>
        </marc:datafield>
        <marc:datafield tag="255" ind1=" " ind2=" ">
            <marc:subfield code="a">Scale [ca. 1:605,000] ;</marc:subfield>
            <marc:subfield code="c">(W 78째10'30"--W 76째35'40"/N 08째50'--N 07째50').</marc:subfield>
        </marc:datafield>
        <marc:datafield tag="260" ind1=" " ind2=" ">
            <marc:subfield code="a">London :</marc:subfield>
            <marc:subfield code="b">published for the Journal of the Royal Geographical Society, by J. Murray, Albemarle Street,</marc:subfield>
            <marc:subfield code="c">1868.</marc:subfield>
        </marc:datafield>
        <marc:datafield tag="300" ind1=" " ind2=" ">
            <marc:subfield code="a">1 map :</marc:subfield>
            <marc:subfield code="b">col. ;</marc:subfield>
            <marc:subfield code="c">18 X 29 cm.</marc:subfield>
        </marc:datafield>
        <marc:datafield tag="500" ind1=" " ind2=" ">
            <marc:subfield code="a">Relief shown by hachures.</marc:subfield>
        </marc:datafield>
        <marc:datafield tag="500" ind1=" " ind2=" ">
            <marc:subfield code="a">Pass of Paya or Tanela (discovered Augst. 27, 1865), line of the projected canal of M. L. de Puydt, and route of Andres de Arisa (1785) are shown.</marc:subfield>
        </marc:datafield>
        <marc:datafield tag="500" ind1=" " ind2=" ">
            <marc:subfield code="a">Limits of the tide on Chucunaque and Tuyra rivers, major waterfalls, and Gulf of Uraba currents are shown.</marc:subfield>
        </marc:datafield>
        <marc:datafield tag="500" ind1=" " ind2=" ">
            <marc:subfield code="a">Territories of the Indians [indigenous groups]  are shown.</marc:subfield>
        </marc:datafield>
        <marc:datafield tag="500" ind1=" " ind2=" ">
            <marc:subfield code="a">From: The Journal of the Royal Geographical Society of London. Vol. 38, (1868), pp. 69-110; held in Firestone Library. Call number: G7 .J687 v.38 1868.</marc:subfield>
            <marc:subfield code="5">NjP</marc:subfield>
        </marc:datafield>
        <marc:datafield tag="501" ind1=" " ind2=" ">
            <marc:subfield code="a">Issued to accompany article: Account of scientific explorations in the Isthmus of Darien in the years 1861 and 1865 / by M. Lucien de Puydt. Read before the Royal Geographical Society, January 13, 1868.</marc:subfield>
            <marc:subfield code="5">NjP</marc:subfield>
        </marc:datafield>
        <marc:datafield tag="530" ind1=" " ind2=" ">
            <marc:subfield code="a">Available also online through the Princeton University Libraries,</marc:subfield>
            <marc:subfield code="b">Digital Map &amp; Geographic Data Web site.</marc:subfield>
        </marc:datafield>
        <marc:datafield tag="530" ind1=" " ind2=" ">
            <marc:subfield code="a">Online version of companion article available also through the JSTOR Web site.</marc:subfield>
            <marc:subfield code="c">Access limited to subscribing member institutions only.</marc:subfield>
        </marc:datafield>
        <marc:datafield tag="650" ind1=" " ind2="0">
            <marc:subfield code="a">Waterways</marc:subfield>
            <marc:subfield code="z">Panama</marc:subfield>
            <marc:subfield code="v">Maps.</marc:subfield>
        </marc:datafield>
        <marc:datafield tag="650" ind1=" " ind2="0">
            <marc:subfield code="a">Physical geography</marc:subfield>
            <marc:subfield code="z">Panama</marc:subfield>
            <marc:subfield code="v">Maps.</marc:subfield>
        </marc:datafield>
        <marc:datafield tag="650" ind1=" " ind2="0">
            <marc:subfield code="a">Darien Canal</marc:subfield>
            <marc:subfield code="x">Design and construction</marc:subfield>
            <marc:subfield code="x">History.</marc:subfield>
        </marc:datafield>
        <marc:datafield tag="651" ind1=" " ind2="0">
            <marc:subfield code="a">Panama, Isthmus of (Panama)</marc:subfield>
            <marc:subfield code="v">Maps.</marc:subfield>
        </marc:datafield>
        <marc:datafield tag="651" ind1=" " ind2="0">
            <marc:subfield code="a">Darien (Panama and Colombia)</marc:subfield>
            <marc:subfield code="v">Maps.</marc:subfield>
        </marc:datafield>
        <marc:datafield tag="651" ind1=" " ind2="0">
            <marc:subfield code="a">Panama Canal (Panama)</marc:subfield>
            <marc:subfield code="x">Planning</marc:subfield>
            <marc:subfield code="v">Maps.</marc:subfield>
        </marc:datafield>
        <marc:datafield tag="651" ind1=" " ind2="0">
            <marc:subfield code="a">Darien (Panama : Province)</marc:subfield>
            <marc:subfield code="v">Maps.</marc:subfield>
        </marc:datafield>
        <marc:datafield tag="655" ind1=" " ind2="7">
            <marc:subfield code="a">Physical maps.</marc:subfield>
            <marc:subfield code="2">lcfgt</marc:subfield>
        </marc:datafield>
        <marc:datafield tag="700" ind1="1" ind2=" ">
            <marc:subfield code="a">De  Puydt, M. Lucien.</marc:subfield>
        </marc:datafield>
        <marc:datafield tag="700" ind1="1" ind2=" ">
            <marc:subfield code="a">Weller, Edward,</marc:subfield>
            <marc:subfield code="d">d. 1884,</marc:subfield>
            <marc:subfield code="e">engraver.</marc:subfield>
        </marc:datafield>
        <marc:datafield tag="710" ind1="2" ind2=" ">
            <marc:subfield code="a">Royal Geographical Society (Great Britain)</marc:subfield>
        </marc:datafield>
        <marc:datafield tag="710" ind1="2" ind2=" ">
            <marc:subfield code="a">John Murray (Firm),</marc:subfield>
            <marc:subfield code="e">publisher.</marc:subfield>
        </marc:datafield>
        <marc:datafield tag="773" ind1="0" ind2=" ">
            <marc:subfield code="t">Journal of the Royal Geographical Society of London.</marc:subfield>
            <marc:subfield code="g">Vol. 38 (1868), p. 69-110, facing page 69.</marc:subfield>
            <marc:subfield code="d">London : John Murray.</marc:subfield>
        </marc:datafield>
        <marc:datafield tag="852" ind1="8" ind2=" ">
            <marc:subfield code="a">scimap</marc:subfield>
            <marc:subfield code="h">G4872.P2P53 1868</marc:subfield>
            <marc:subfield code="i">.R6</marc:subfield>
        </marc:datafield>
        <marc:datafield tag="856" ind1="4" ind2="1">
            <marc:subfield code="z">See the map</marc:subfield>
            <marc:subfield code="u">http://gisserver.princeton.edu/map/26919</marc:subfield>
        </marc:datafield>
        <marc:datafield tag="856" ind1="4" ind2="2">
            <marc:subfield code="u">http://www.jstor.org/stable/1798569</marc:subfield>
        </marc:datafield>
        <marc:datafield tag="902" ind1=" " ind2=" ">
            <marc:subfield code="a">mapst1</marc:subfield>
            <marc:subfield code="b">x</marc:subfield>
            <marc:subfield code="6">e</marc:subfield>
            <marc:subfield code="7">b</marc:subfield>
            <marc:subfield code="d">v</marc:subfield>
            <marc:subfield code="f">1</marc:subfield>
            <marc:subfield code="e">20120716</marc:subfield>
        </marc:datafield>
    </marc:record>
    <marc:record type="Holdings">
        <marc:leader>00264cx  a22000851  4500</marc:leader>
        <marc:controlfield tag="001">6988745</marc:controlfield>
        <marc:controlfield tag="004">7120592</marc:controlfield>
        <marc:controlfield tag="005">20130610155309.0</marc:controlfield>
        <marc:controlfield tag="008">1207164u    8   1001uu   0901128</marc:controlfield>
        <marc:datafield tag="852" ind1="8" ind2=" ">
            <marc:subfield code="b">scimap</marc:subfield>
            <marc:subfield code="h">G4872.P2P53 1868</marc:subfield>
            <marc:subfield code="i">.R6</marc:subfield>
            <marc:subfield code="z">Map is accompanied by a book. To locate volume, search call number: G7 .J687</marc:subfield>
        </marc:datafield>
    </marc:record>
</marc:collection>
